@ARTICLE{1975ApJ...195L..51H,
       author = {{Hulse}, R.~A. and {Taylor}, J.~H.},
        title = "{Discovery of a pulsar in a binary system.}",
      journal = {Astrophys. J. Lett.},
     keywords = {Binary Stars, Orbital Elements, Pulsars, Relativistic Effects, Black Holes (Astronomy), Companion Stars, Eccentric Orbits, Mass Ratios, Neutron Stars, Radial Velocity, Velocity Distribution, Astronomy},
         year = 1975,
        month = jan,
       volume = {195},
        pages = {L51-L53},
          doi = {10.1086/181708},
       adsurl = {https://ui.adsabs.harvard.edu/abs/1975ApJ...195L..51H},
      adsnote = {Provided by the SAO/NASA Astrophysics Data System}
}

@ARTICLE{2016PhRvL.116m1103A,
       author = {{Abbott}, B.~P. and {Abbott}, R. and {Abbott}, T.~D. and {Abernathy}, M.~R. and {Acernese}, F. and {Ackley}, K. and {Adams}, C. and {Adams}, T. and {Addesso}, P. and {Adhikari}, R.~X. and {Adya}, V.~B. and {Affeldt}, C. and {Agathos}, M. and {Agatsuma}, K. and {Aggarwal}, N. and {Aguiar}, O.~D. and {Aiello}, L. and {Ain}, A. and {Ajith}, P. and {Allen}, B. and {Allocca}, A. and {Altin}, P.~A. and {Anderson}, S.~B. and {Anderson}, W.~G. and {Arai}, K. and {Araya}, M.~C. and {Arceneaux}, C.~C. and {Areeda}, J.~S. and {Arnaud}, N. and {Arun}, K.~G. and {Ascenzi}, S. and {Ashton}, G. and {Ast}, M. and {Aston}, S.~M. and {Astone}, P. and {Aufmuth}, P. and {Aulbert}, C. and {Babak}, S. and {Bacon}, P. and {Bader}, M.~K.~M. and {Baker}, P.~T. and {Baldaccini}, F. and {Ballardin}, G. and {Ballmer}, S.~W. and {Barayoga}, J.~C. and {Barclay}, S.~E. and {Barish}, B.~C. and {Barker}, D. and {Barone}, F. and {Barr}, B. and {Barsotti}, L. and {Barsuglia}, M. and {Barta}, D. and {Bartlett}, J. and {Bartos}, I. and {Bassiri}, R. and {Basti}, A. and {Batch}, J.~C. and {Baune}, C. and {Bavigadda}, V. and {Bazzan}, M. and {Behnke}, B. and {Bejger}, M. and {Bell}, A.~S. and {Bell}, C.~J. and {Berger}, B.~K. and {Bergman}, J. and {Bergmann}, G. and {Berry}, C.~P.~L. and {Bersanetti}, D. and {Bertolini}, A. and {Betzwieser}, J. and {Bhagwat}, S. and {Bhandare}, R. and {Bilenko}, I.~A. and {Billingsley}, G. and {Birch}, J. and {Birney}, I.~A. and {Biscans}, S. and {Bisht}, A. and {Bitossi}, M. and {Biwer}, C. and {Bizouard}, M.~A. and {Blackburn}, J.~K. and {Blair}, C.~D. and {Blair}, D.~G. and {Blair}, R.~M. and {Bloemen}, S. and {Bock}, O. and {Bodiya}, T.~P. and {Boer}, M. and {Bogaert}, G. and {Bogan}, C. and {Bohe}, A. and {Bojtos}, P. and {Bond}, C. and {Bondu}, F. and {Bonnand}, R. and {Boom}, B.~A. and {Bork}, R. and {Boschi}, V. and {Bose}, S. and {Bouffanais}, Y. and {Bozzi}, A. and {Bradaschia}, C. and {Brady}, P.~R. and {Braginsky}, V.~B. and {Branchesi}, M. and {Brau}, J.~E. and {Briant}, T. and {Brillet}, A. and {Brinkmann}, M. and {Brisson}, V. and {Brockill}, P. and {Brooks}, A.~F. and {Brown}, D.~A. and {Brown}, D.~D. and {Brown}, N.~M. and {Buchanan}, C.~C. and {Buikema}, A. and {Bulik}, T. and {Bulten}, H.~J. and {Buonanno}, A. and {Buskulic}, D. and {Buy}, C. and {Byer}, R.~L. and {Cadonati}, L. and {Cagnoli}, G. and {Cahillane}, C. and {Calder{\'o}n Bustillo}, J. and {Callister}, T. and {Calloni}, E. and {Camp}, J.~B. and {Cannon}, K.~C. and {Cao}, J. and {Capano}, C.~D. and {Capocasa}, E. and {Carbognani}, F. and {Caride}, S. and {Casanueva Diaz}, J. and {Casentini}, C. and {Caudill}, S. and {Cavagli{\`a}}, M. and {Cavalier}, F. and {Cavalieri}, R. and {Cella}, G. and {Cepeda}, C.~B. and {Cerboni Baiardi}, L. and {Cerretani}, G. and {Cesarini}, E. and {Chakraborty}, R. and {Chalermsongsak}, T. and {Chamberlin}, S.~J. and {Chan}, M. and {Chao}, S. and {Charlton}, P. and {Chassande-Mottin}, E. and {Chen}, H.~Y. and {Chen}, Y. and {Cheng}, C. and {Chincarini}, A. and {Chiummo}, A. and {Cho}, H.~S. and {Cho}, M. and {Chow}, J.~H. and {Christensen}, N. and {Chu}, Q. and {Chua}, S. and {Chung}, S. and {Ciani}, G. and {Clara}, F. and {Clark}, J.~A. and {Cleva}, F. and {Coccia}, E. and {Cohadon}, P. -F. and {Colla}, A. and {Collette}, C.~G. and {Cominsky}, L. and {Constancio}, M. and {Conte}, A. and {Conti}, L. and {Cook}, D. and {Corbitt}, T.~R. and {Cornish}, N. and {Corsi}, A. and {Cortese}, S. and {Costa}, C.~A. and {Coughlin}, M.~W. and {Coughlin}, S.~B. and {Coulon}, J. -P. and {Countryman}, S.~T. and {Couvares}, P. and {Cowan}, E.~E. and {Coward}, D.~M. and {Cowart}, M.~J. and {Coyne}, D.~C. and {Coyne}, R. and {Craig}, K. and {Creighton}, J.~D.~E. and {Cripe}, J.},
        title = "{GW150914: The Advanced LIGO Detectors in the Era of First Discoveries}",
      journal = {Phys. Rev. Lett.},
     keywords = {Gravitation and Astrophysics, General Relativity and Quantum Cosmology, Astrophysics - High Energy Astrophysical Phenomena, Astrophysics - Instrumentation and Methods for Astrophysics},
         year = 2016,
        month = apr,
       volume = {116},
       number = {13},
          eid = {131103},
        pages = {131103},
          doi = {10.1103/PhysRevLett.116.131103},
archivePrefix = {arXiv},
       eprint = {1602.03838},
 primaryClass = {gr-qc},
       adsurl = {https://ui.adsabs.harvard.edu/abs/2016PhRvL.116m1103A},
      adsnote = {Provided by the SAO/NASA Astrophysics Data System}
}

@ARTICLE{2023PhRvX..13a1048A,
       author = {{Abbott}, R. and {Abbott}, T.~D. and {Acernese}, F. and {Ackley}, K. and {Adams}, C. and {Adhikari}, N. and {Adhikari}, R.~X. and {Adya}, V.~B. and {Affeldt}, C. and {Agarwal}, D. and {Agathos}, M. and {Agatsuma}, K. and {Aggarwal}, N. and {Aguiar}, O.~D. and {Aiello}, L. and {Ain}, A. and {Ajith}, P. and {Akutsu}, T. and {de Alarc{\'o}n}, P.~F. and {Akcay}, S. and {Albanesi}, S. and {Allocca}, A. and {Altin}, P.~A. and {Amato}, A. and {Anand}, C. and {Anand}, S. and {Ananyeva}, A. and {Anderson}, S.~B. and {Anderson}, W.~G. and {Ando}, M. and {Andrade}, T. and {Andres}, N. and {Andri{\'c}}, T. and {Angelova}, S.~V. and {Ansoldi}, S. and {Antelis}, J.~M. and {Antier}, S. and {Antonini}, F. and {Appert}, S. and {Arai}, Koji and {Arai}, Koya and {Arai}, Y. and {Araki}, S. and {Araya}, A. and {Araya}, M.~C. and {Areeda}, J.~S. and {Ar{\`e}ne}, M. and {Aritomi}, N. and {Arnaud}, N. and {Arogeti}, M. and {Aronson}, S.~M. and {Arun}, K.~G. and {Asada}, H. and {Asali}, Y. and {Ashton}, G. and {Aso}, Y. and {Assiduo}, M. and {Aston}, S.~M. and {Astone}, P. and {Aubin}, F. and {Austin}, C. and {Babak}, S. and {Badaracco}, F. and {Bader}, M.~K.~M. and {Badger}, C. and {Bae}, S. and {Bae}, Y. and {Baer}, A.~M. and {Bagnasco}, S. and {Bai}, Y. and {Baiotti}, L. and {Baird}, J. and {Bajpai}, R. and {Ball}, M. and {Ballardin}, G. and {Ballmer}, S.~W. and {Balsamo}, A. and {Baltus}, G. and {Banagiri}, S. and {Bankar}, D. and {Barayoga}, J.~C. and {Barbieri}, C. and {Barish}, B.~C. and {Barker}, D. and {Barneo}, P. and {Barone}, F. and {Barr}, B. and {Barsotti}, L. and {Barsuglia}, M. and {Barta}, D. and {Bartlett}, J. and {Barton}, M.~A. and {Bartos}, I. and {Bassiri}, R. and {Basti}, A. and {Bawaj}, M. and {Bayley}, J.~C. and {Baylor}, A.~C. and {Bazzan}, M. and {B{\'e}csy}, B. and {Bedakihale}, V.~M. and {Bejger}, M. and {Belahcene}, I. and {Benedetto}, V. and {Beniwal}, D. and {Bennett}, T.~F. and {Bentley}, J.~D. and {Benyaala}, M. and {Bergamin}, F. and {Berger}, B.~K. and {Bernuzzi}, S. and {Berry}, C.~P.~L. and {Bersanetti}, D. and {Bertolini}, A. and {Betzwieser}, J. and {Beveridge}, D. and {Bhandare}, R. and {Bhardwaj}, U. and {Bhattacharjee}, D. and {Bhaumik}, S. and {Bilenko}, I.~A. and {Billingsley}, G. and {Bini}, S. and {Birney}, R. and {Birnholtz}, O. and {Biscans}, S. and {Bischi}, M. and {Biscoveanu}, S. and {Bisht}, A. and {Biswas}, B. and {Bitossi}, M. and {Bizouard}, M. -A. and {Blackburn}, J.~K. and {Blair}, C.~D. and {Blair}, D.~G. and {Blair}, R.~M. and {Bobba}, F. and {Bode}, N. and {Boer}, M. and {Bogaert}, G. and {Boldrini}, M. and {Bonavena}, L.~D. and {Bondu}, F. and {Bonilla}, E. and {Bonnand}, R. and {Booker}, P. and {Boom}, B.~A. and {Bork}, R. and {Boschi}, V. and {Bose}, N. and {Bose}, S. and {Bossilkov}, V. and {Boudart}, V. and {Bouffanais}, Y. and {Bozzi}, A. and {Bradaschia}, C. and {Brady}, P.~R. and {Bramley}, A. and {Branch}, A. and {Branchesi}, M. and {Brandt}, J. and {Brau}, J.~E. and {Breschi}, M. and {Briant}, T. and {Briggs}, J.~H. and {Brillet}, A. and {Brinkmann}, M. and {Brockill}, P. and {Brooks}, A.~F. and {Brooks}, J. and {Brown}, D.~D. and {Brunett}, S. and {Bruno}, G. and {Bruntz}, R. and {Bryant}, J. and {Bulik}, T. and {Bulten}, H.~J. and {Buonanno}, A. and {Buscicchio}, R. and {Buskulic}, D. and {Buy}, C. and {Byer}, R.~L. and {Cadonati}, L. and {Cagnoli}, G. and {Cahillane}, C. and {Bustillo}, J. Calder{\'o}n and {Callaghan}, J.~D. and {Callister}, T.~A. and {Calloni}, E. and {Cameron}, J. and {Camp}, J.~B. and {Canepa}, M. and {Canevarolo}, S. and {Cannavacciuolo}, M. and {Cannon}, K.~C. and {Cao}, H. and {Cao}, Z. and {Capocasa}, E. and {Capote}, E. and {Carapella}, G.},
        title = "{Population of Merging Compact Binaries Inferred Using Gravitational Waves through GWTC-3}",
      journal = {Phys. Rev. X},
     keywords = {Astrophysics - High Energy Astrophysical Phenomena, General Relativity and Quantum Cosmology},
         year = 2023,
        month = jan,
       volume = {13},
       number = {1},
          eid = {011048},
        pages = {011048},
          doi = {10.1103/PhysRevX.13.011048},
archivePrefix = {arXiv},
       eprint = {2111.03634},
 primaryClass = {astro-ph.HE},
       adsurl = {https://ui.adsabs.harvard.edu/abs/2023PhRvX..13a1048A},
      adsnote = {Provided by the SAO/NASA Astrophysics Data System}
}

@ARTICLE{2016PhRvD..93l2003A,
       author = {{Abbott}, B.~P. and {Abbott}, R. and {Abbott}, T.~D. and {Abernathy}, M.~R. and {Acernese}, F. and {Ackley}, K. and {Adams}, C. and {Adams}, T. and {Addesso}, P. and {Adhikari}, R.~X. and {Adya}, V.~B. and {Affeldt}, C. and {Agathos}, M. and {Agatsuma}, K. and {Aggarwal}, N. and {Aguiar}, O.~D. and {Aiello}, L. and {Ain}, A. and {Ajith}, P. and {Allen}, B. and {Allocca}, A. and {Altin}, P.~A. and {Anderson}, S.~B. and {Anderson}, W.~G. and {Arai}, K. and {Araya}, M.~C. and {Arceneaux}, C.~C. and {Areeda}, J.~S. and {Arnaud}, N. and {Arun}, K.~G. and {Ascenzi}, S. and {Ashton}, G. and {Ast}, M. and {Aston}, S.~M. and {Astone}, P. and {Aufmuth}, P. and {Aulbert}, C. and {Babak}, S. and {Bacon}, P. and {Bader}, M.~K.~M. and {Baker}, P.~T. and {Baldaccini}, F. and {Ballardin}, G. and {Ballmer}, S.~W. and {Barayoga}, J.~C. and {Barclay}, S.~E. and {Barish}, B.~C. and {Barker}, D. and {Barone}, F. and {Barr}, B. and {Barsotti}, L. and {Barsuglia}, M. and {Barta}, D. and {Bartlett}, J. and {Bartos}, I. and {Bassiri}, R. and {Basti}, A. and {Batch}, J.~C. and {Baune}, C. and {Bavigadda}, V. and {Bazzan}, M. and {Behnke}, B. and {Bejger}, M. and {Bell}, A.~S. and {Bell}, C.~J. and {Berger}, B.~K. and {Bergman}, J. and {Bergmann}, G. and {Berry}, C.~P.~L. and {Bersanetti}, D. and {Bertolini}, A. and {Betzwieser}, J. and {Bhagwat}, S. and {Bhandare}, R. and {Bilenko}, I.~A. and {Billingsley}, G. and {Birch}, J. and {Birney}, R. and {Biscans}, S. and {Bisht}, A. and {Bitossi}, M. and {Biwer}, C. and {Bizouard}, M.~A. and {Blackburn}, J.~K. and {Blair}, C.~D. and {Blair}, D.~G. and {Blair}, R.~M. and {Bloemen}, S. and {Bock}, O. and {Bodiya}, T.~P. and {Boer}, M. and {Bogaert}, G. and {Bogan}, C. and {Bohe}, A. and {Boh{\'e}mier}, K. and {Bojtos}, P. and {Bond}, C. and {Bondu}, F. and {Bonnand}, R. and {Boom}, B.~A. and {Bork}, R. and {Boschi}, V. and {Bose}, S. and {Bouffanais}, Y. and {Bozzi}, A. and {Bradaschia}, C. and {Brady}, P.~R. and {Braginsky}, V.~B. and {Branchesi}, M. and {Brau}, J.~E. and {Briant}, T. and {Brillet}, A. and {Brinkmann}, M. and {Brisson}, V. and {Brockill}, P. and {Brooks}, A.~F. and {Brown}, D.~A. and {Brown}, D.~D. and {Brown}, N.~M. and {Buchanan}, C.~C. and {Buikema}, A. and {Bulik}, T. and {Bulten}, H.~J. and {Buonanno}, A. and {Buskulic}, D. and {Buy}, C. and {Byer}, R.~L. and {Cabero}, M. and {Cadonati}, L. and {Cagnoli}, G. and {Cahillane}, C. and {Calder{\'o}n Bustillo}, J. and {Callister}, T. and {Calloni}, E. and {Camp}, J.~B. and {Cannon}, K.~C. and {Cao}, J. and {Capano}, C.~D. and {Capocasa}, E. and {Carbognani}, F. and {Caride}, S. and {Casanueva Diaz}, J. and {Casentini}, C. and {Caudill}, S. and {Cavagli{\`a}}, M. and {Cavalier}, F. and {Cavalieri}, R. and {Cella}, G. and {Cepeda}, C.~B. and {Cerboni Baiardi}, L. and {Cerretani}, G. and {Cesarini}, E. and {Chakraborty}, R. and {Chalermsongsak}, T. and {Chamberlin}, S.~J. and {Chan}, M. and {Chao}, S. and {Charlton}, P. and {Chassande-Mottin}, E. and {Chen}, H.~Y. and {Chen}, Y. and {Cheng}, C. and {Chincarini}, A. and {Chiummo}, A. and {Cho}, H.~S. and {Cho}, M. and {Chow}, J.~H. and {Christensen}, N. and {Chu}, Q. and {Chua}, S. and {Chung}, S. and {Ciani}, G. and {Clara}, F. and {Clark}, J.~A. and {Clayton}, J.~H. and {Cleva}, F. and {Coccia}, E. and {Cohadon}, P. -F. and {Cokelaer}, T. and {Colla}, A. and {Collette}, C.~G. and {Cominsky}, L. and {Constancio}, M. and {Conte}, A. and {Conti}, L. and {Cook}, D. and {Corbitt}, T.~R. and {Cornish}, N. and {Corsi}, A. and {Cortese}, S. and {Costa}, C.~A. and {Coughlin}, M.~W. and {Coughlin}, S.~B. and {Coulon}, J. -P. and {Countryman}, S.~T. and {Couvares}, P. and {Cowan}, E.~E. and {Coward}, D.~M. and {Cowart}, M.~J. and {Coyne}, D.~C.},
        title = "{GW150914: First results from the search for binary black hole coalescence with Advanced LIGO}",
      journal = {Phys. Rev. D},
     keywords = {General Relativity and Quantum Cosmology, Astrophysics - High Energy Astrophysical Phenomena, Astrophysics - Instrumentation and Methods for Astrophysics},
         year = 2016,
        month = jun,
       volume = {93},
       number = {12},
          eid = {122003},
        pages = {122003},
          doi = {10.1103/PhysRevD.93.122003},
archivePrefix = {arXiv},
       eprint = {1602.03839},
 primaryClass = {gr-qc},
       adsurl = {https://ui.adsabs.harvard.edu/abs/2016PhRvD..93l2003A},
      adsnote = {Provided by the SAO/NASA Astrophysics Data System}
}

@ARTICLE{2016PhRvL.116f1102A,
       author = {{Abbott}, B.~P. and {Abbott}, R. and {Abbott}, T.~D. and {Abernathy}, M.~R. and {Acernese}, F. and {Ackley}, K. and {Adams}, C. and {Adams}, T. and {Addesso}, P. and {Adhikari}, R.~X. and {Adya}, V.~B. and {Affeldt}, C. and {Agathos}, M. and {Agatsuma}, K. and {Aggarwal}, N. and {Aguiar}, O.~D. and {Aiello}, L. and {Ain}, A. and {Ajith}, P. and {Allen}, B. and {Allocca}, A. and {Altin}, P.~A. and {Anderson}, S.~B. and {Anderson}, W.~G. and {Arai}, K. and {Arain}, M.~A. and {Araya}, M.~C. and {Arceneaux}, C.~C. and {Areeda}, J.~S. and {Arnaud}, N. and {Arun}, K.~G. and {Ascenzi}, S. and {Ashton}, G. and {Ast}, M. and {Aston}, S.~M. and {Astone}, P. and {Aufmuth}, P. and {Aulbert}, C. and {Babak}, S. and {Bacon}, P. and {Bader}, M.~K.~M. and {Baker}, P.~T. and {Baldaccini}, F. and {Ballardin}, G. and {Ballmer}, S.~W. and {Barayoga}, J.~C. and {Barclay}, S.~E. and {Barish}, B.~C. and {Barker}, D. and {Barone}, F. and {Barr}, B. and {Barsotti}, L. and {Barsuglia}, M. and {Barta}, D. and {Bartlett}, J. and {Barton}, M.~A. and {Bartos}, I. and {Bassiri}, R. and {Basti}, A. and {Batch}, J.~C. and {Baune}, C. and {Bavigadda}, V. and {Bazzan}, M. and {Behnke}, B. and {Bejger}, M. and {Belczynski}, C. and {Bell}, A.~S. and {Bell}, C.~J. and {Berger}, B.~K. and {Bergman}, J. and {Bergmann}, G. and {Berry}, C.~P.~L. and {Bersanetti}, D. and {Bertolini}, A. and {Betzwieser}, J. and {Bhagwat}, S. and {Bhandare}, R. and {Bilenko}, I.~A. and {Billingsley}, G. and {Birch}, J. and {Birney}, I.~A. and {Birnholtz}, O. and {Biscans}, S. and {Bisht}, A. and {Bitossi}, M. and {Biwer}, C. and {Bizouard}, M.~A. and {Blackburn}, J.~K. and {Blair}, C.~D. and {Blair}, D.~G. and {Blair}, R.~M. and {Bloemen}, S. and {Bock}, O. and {Bodiya}, T.~P. and {Boer}, M. and {Bogaert}, G. and {Bogan}, C. and {Bohe}, A. and {Bojtos}, P. and {Bond}, C. and {Bondu}, F. and {Bonnand}, R. and {Boom}, B.~A. and {Bork}, R. and {Boschi}, V. and {Bose}, S. and {Bouffanais}, Y. and {Bozzi}, A. and {Bradaschia}, C. and {Brady}, P.~R. and {Braginsky}, V.~B. and {Branchesi}, M. and {Brau}, J.~E. and {Briant}, T. and {Brillet}, A. and {Brinkmann}, M. and {Brisson}, V. and {Brockill}, P. and {Brooks}, A.~F. and {Brown}, D.~A. and {Brown}, D.~D. and {Brown}, N.~M. and {Buchanan}, C.~C. and {Buikema}, A. and {Bulik}, T. and {Bulten}, H.~J. and {Buonanno}, A. and {Buskulic}, D. and {Buy}, C. and {Byer}, R.~L. and {Cabero}, M. and {Cadonati}, L. and {Cagnoli}, G. and {Cahillane}, C. and {Bustillo}, J. Calder{\'o}n and {Callister}, T. and {Calloni}, E. and {Camp}, J.~B. and {Cannon}, K.~C. and {Cao}, J. and {Capano}, C.~D. and {Capocasa}, E. and {Carbognani}, F. and {Caride}, S. and {Diaz}, J. Casanueva and {Casentini}, C. and {Caudill}, S. and {Cavagli{\`a}}, M. and {Cavalier}, F. and {Cavalieri}, R. and {Cella}, G. and {Cepeda}, C.~B. and {Baiardi}, L. Cerboni and {Cerretani}, G. and {Cesarini}, E. and {Chakraborty}, R. and {Chalermsongsak}, T. and {Chamberlin}, S.~J. and {Chan}, M. and {Chao}, S. and {Charlton}, P. and {Chassande-Mottin}, E. and {Chen}, H.~Y. and {Chen}, Y. and {Cheng}, C. and {Chincarini}, A. and {Chiummo}, A. and {Cho}, H.~S. and {Cho}, M. and {Chow}, J.~H. and {Christensen}, N. and {Chu}, Q. and {Chua}, S. and {Chung}, S. and {Ciani}, G. and {Clara}, F. and {Clark}, J.~A. and {Cleva}, F. and {Coccia}, E. and {Cohadon}, P. -F. and {Colla}, A. and {Collette}, C.~G. and {Cominsky}, L. and {Constancio}, M. and {Conte}, A. and {Conti}, L. and {Cook}, D. and {Corbitt}, T.~R. and {Cornish}, N. and {Corsi}, A. and {Cortese}, S. and {Costa}, C.~A. and {Coughlin}, M.~W. and {Coughlin}, S.~B. and {Coulon}, J. -P. and {Countryman}, S.~T. and {Couvares}, P. and {Cowan}, E.~E. and {Coward}, D.~M. and {Cowart}, M.~J.},
        title = "{Observation of Gravitational Waves from a Binary Black Hole Merger}",
      journal = {Phys. Rev. Lett.},
     keywords = {General Relativity and Quantum Cosmology, Astrophysics - High Energy Astrophysical Phenomena},
         year = 2016,
        month = feb,
       volume = {116},
       number = {6},
          eid = {061102},
        pages = {061102},
          doi = {10.1103/PhysRevLett.116.061102},
archivePrefix = {arXiv},
       eprint = {1602.03837},
 primaryClass = {gr-qc},
       adsurl = {https://ui.adsabs.harvard.edu/abs/2016PhRvL.116f1102A},
      adsnote = {Provided by the SAO/NASA Astrophysics Data System}
}

@ARTICLE{2014LRR....17....3P,
       author = {{Postnov}, Konstantin A. and {Yungelson}, Lev R.},
        title = "{The Evolution of Compact Binary Star Systems}",
      journal = {Living Rev. Relativ.},
     keywords = {Astrophysics, Binary systems, Gravitational-wave sources, Supernovae, Neutron stars, Black holes, White dwarfs, AM CVn stars, Astrophysics - High Energy Astrophysical Phenomena, Astrophysics - Solar and Stellar Astrophysics, General Relativity and Quantum Cosmology},
         year = 2014,
        month = dec,
       volume = {17},
       number = {1},
          eid = {3},
        pages = {3},
          doi = {10.12942/lrr-2014-3},
archivePrefix = {arXiv},
       eprint = {1403.4754},
 primaryClass = {astro-ph.HE},
       adsurl = {https://ui.adsabs.harvard.edu/abs/2014LRR....17....3P},
      adsnote = {Provided by the SAO/NASA Astrophysics Data System}
}

@ARTICLE{2017CQGra..34cLT01V,
       author = {{Vitale}, Salvatore and {Lynch}, Ryan and {Sturani}, Riccardo and {Graff}, Philip},
        title = "{Use of gravitational waves to probe the formation channels of compact binaries}",
      journal = {Class. Quantum Grav.},
     keywords = {General Relativity and Quantum Cosmology},
         year = 2017,
        month = feb,
       volume = {34},
       number = {3},
          eid = {03LT01},
        pages = {03LT01},
          doi = {10.1088/1361-6382/aa552e},
archivePrefix = {arXiv},
       eprint = {1503.04307},
 primaryClass = {gr-qc},
       adsurl = {https://ui.adsabs.harvard.edu/abs/2017CQGra..34cLT01V},
      adsnote = {Provided by the SAO/NASA Astrophysics Data System}
}

@ARTICLE{2017PhRvD..96b3012T,
       author = {{Talbot}, Colm and {Thrane}, Eric},
        title = "{Determining the population properties of spinning black holes}",
      journal = {Phys. Rev. D},
     keywords = {Astrophysics - High Energy Astrophysical Phenomena},
         year = 2017,
        month = jul,
       volume = {96},
       number = {2},
          eid = {023012},
        pages = {023012},
          doi = {10.1103/PhysRevD.96.023012},
archivePrefix = {arXiv},
       eprint = {1704.08370},
 primaryClass = {astro-ph.HE},
       adsurl = {https://ui.adsabs.harvard.edu/abs/2017PhRvD..96b3012T},
      adsnote = {Provided by the SAO/NASA Astrophysics Data System}
}

@ARTICLE{2017PhRvD..95l4046G,
       author = {{Gerosa}, Davide and {Berti}, Emanuele},
        title = "{Are merging black holes born from stellar collapse or previous mergers?}",
      journal = {Phys. Rev. D},
     keywords = {General Relativity and Quantum Cosmology, Astrophysics - High Energy Astrophysical Phenomena},
         year = 2017,
        month = jun,
       volume = {95},
       number = {12},
          eid = {124046},
        pages = {124046},
          doi = {10.1103/PhysRevD.95.124046},
archivePrefix = {arXiv},
       eprint = {1703.06223},
 primaryClass = {gr-qc},
       adsurl = {https://ui.adsabs.harvard.edu/abs/2017PhRvD..95l4046G},
      adsnote = {Provided by the SAO/NASA Astrophysics Data System}
}

@ARTICLE{2020PASA...37...36T,
       author = {{Thrane}, Eric and {Talbot}, Colm},
        title = "{An introduction to Bayesian inference in gravitational-wave astronomy: parameter estimation, model selection, and hierarchical models{\textemdash}Corrigendum}",
      journal = {Publ. Astron. Soc. Aust.},
         year = 2020,
        month = sep,
       volume = {37},
          eid = {e036},
        pages = {e036},
          doi = {10.1017/pasa.2020.23},
       adsurl = {https://ui.adsabs.harvard.edu/abs/2020PASA...37...36T},
      adsnote = {Provided by the SAO/NASA Astrophysics Data System}
}

@ARTICLE{2021ApJ...913L...7A,
       author = {{Abbott}, R. and {Abbott}, T.~D. and {Abraham}, S. and {Acernese}, F. and {Ackley}, K. and {Adams}, A. and {Adams}, C. and {Adhikari}, R.~X. and {Adya}, V.~B. and {Affeldt}, C. and {Agathos}, M. and {Agatsuma}, K. and {Aggarwal}, N. and {Aguiar}, O.~D. and {Aiello}, L. and {Ain}, A. and {Ajith}, P. and {Allen}, G. and {Allocca}, A. and {Altin}, P.~A. and {Amato}, A. and {Anand}, S. and {Ananyeva}, A. and {Anderson}, S.~B. and {Anderson}, W.~G. and {Angelova}, S.~V. and {Ansoldi}, S. and {Antelis}, J.~M. and {Antier}, S. and {Appert}, S. and {Arai}, K. and {Araya}, M.~C. and {Areeda}, J.~S. and {Ar{\`e}ne}, M. and {Arnaud}, N. and {Aronson}, S.~M. and {Arun}, K.~G. and {Asali}, Y. and {Ascenzi}, S. and {Ashton}, G. and {Aston}, S.~M. and {Astone}, P. and {Aubin}, F. and {Aufmuth}, P. and {AultONeal}, K. and {Austin}, C. and {Avendano}, V. and {Babak}, S. and {Badaracco}, F. and {Bader}, M.~K.~M. and {Bae}, S. and {Baer}, A.~M. and {Bagnasco}, S. and {Baird}, J. and {Ball}, M. and {Ballardin}, G. and {Ballmer}, S.~W. and {Bals}, A. and {Balsamo}, A. and {Baltus}, G. and {Banagiri}, S. and {Bankar}, D. and {Bankar}, R.~S. and {Barayoga}, J.~C. and {Barbieri}, C. and {Barish}, B.~C. and {Barker}, D. and {Barneo}, P. and {Barnum}, S. and {Barone}, F. and {Barr}, B. and {Barsotti}, L. and {Barsuglia}, M. and {Barta}, D. and {Bartlett}, J. and {Bartos}, I. and {Bassiri}, R. and {Basti}, A. and {Bawaj}, M. and {Bayley}, J.~C. and {Bazzan}, M. and {Becher}, B.~R. and {B{\'e}csy}, B. and {Bedakihale}, V.~M. and {Bejger}, M. and {Belahcene}, I. and {Beniwal}, D. and {Benjamin}, M.~G. and {Bennett}, T.~F. and {Bentley}, J.~D. and {Bergamin}, F. and {Berger}, B.~K. and {Bergmann}, G. and {Bernuzzi}, S. and {Berry}, C.~P.~L. and {Bersanetti}, D. and {Bertolini}, A. and {Betzwieser}, J. and {Bhandare}, R. and {Bhandari}, A.~V. and {Bhattacharjee}, D. and {Bidler}, J. and {Bilenko}, I.~A. and {Billingsley}, G. and {Birney}, R. and {Birnholtz}, O. and {Biscans}, S. and {Bischi}, M. and {Biscoveanu}, S. and {Bisht}, A. and {Bitossi}, M. and {Bizouard}, M. -A. and {Blackburn}, J.~K. and {Blackman}, J. and {Blair}, C.~D. and {Blair}, D.~G. and {Blair}, R.~M. and {Blanch}, O. and {Bobba}, F. and {Bode}, N. and {Boer}, M. and {Boetzel}, Y. and {Bogaert}, G. and {Boldrini}, M. and {Bondu}, F. and {Bonilla}, E. and {Bonnand}, R. and {Booker}, P. and {Boom}, B.~A. and {Bork}, R. and {Boschi}, V. and {Bose}, S. and {Bossilkov}, V. and {Boudart}, V. and {Bouffanais}, Y. and {Bozzi}, A. and {Bradaschia}, C. and {Brady}, P.~R. and {Bramley}, A. and {Branchesi}, M. and {Brau}, J.~E. and {Breschi}, M. and {Briant}, T. and {Briggs}, J.~H. and {Brighenti}, F. and {Brillet}, A. and {Brinkmann}, M. and {Brockill}, P. and {Brooks}, A.~F. and {Brooks}, J. and {Brown}, D.~D. and {Brunett}, S. and {Bruno}, G. and {Bruntz}, R. and {Buikema}, A. and {Bulik}, T. and {Bulten}, H.~J. and {Buonanno}, A. and {Buscicchio}, R. and {Buskulic}, D. and {Byer}, R.~L. and {Cabero}, M. and {Cadonati}, L. and {Caesar}, M. and {Cagnoli}, G. and {Cahillane}, C. and {Calder{\'o}n Bustillo}, J. and {Callaghan}, J.~D. and {Callister}, T.~A. and {Calloni}, E. and {Camp}, J.~B. and {Canepa}, M. and {Cannon}, K.~C. and {Cao}, H. and {Cao}, J. and {Carapella}, G. and {Carbognani}, F. and {Carney}, M.~F. and {Carpinelli}, M. and {Carullo}, G. and {Carver}, T.~L. and {Casanueva Diaz}, J. and {Casentini}, C. and {Caudill}, S. and {Cavagli{\`a}}, M. and {Cavalier}, F. and {Cavalieri}, R. and {Cella}, G. and {Cerd{\'a}-Dur{\'a}n}, P. and {Cesarini}, E. and {Chaibi}, W. and {Chakravarti}, K. and {Chan}, C. -L. and {Chan}, C. and {Chandra}, K. and {Chanial}, P. and {Chao}, S. and {Charlton}, P. and {Chase}, E.~A. and {Chassande-Mottin}, E.},
        title = "{Population Properties of Compact Objects from the Second LIGO-Virgo Gravitational-Wave Transient Catalog}",
      journal = {Astrophys. J. Lett.},
     keywords = {Gravitational waves, Astrophysical black holes, Stellar mass black holes, Massive stars, Compact objects, Bayesian statistics, 678, 98, 1611, 732, 288, 1900, Astrophysics - High Energy Astrophysical Phenomena, General Relativity and Quantum Cosmology},
         year = 2021,
        month = may,
       volume = {913},
       number = {1},
          eid = {L7},
        pages = {L7},
          doi = {10.3847/2041-8213/abe949},
archivePrefix = {arXiv},
       eprint = {2010.14533},
 primaryClass = {astro-ph.HE},
       adsurl = {https://ui.adsabs.harvard.edu/abs/2021ApJ...913L...7A},
      adsnote = {Provided by the SAO/NASA Astrophysics Data System}
}

@ARTICLE{2019MNRAS.486.1086M,
       author = {{Mandel}, Ilya and {Farr}, Will M. and {Gair}, Jonathan R.},
        title = "{Extracting distribution parameters from multiple uncertain observations with selection biases}",
      journal = {Mon. Not. R. Astron. Soc.},
     keywords = {gravitational waves, methods: data analysis, stars: neutron, Physics - Data Analysis, Statistics and Probability, Astrophysics - High Energy Astrophysical Phenomena},
         year = 2019,
        month = jun,
       volume = {486},
       number = {1},
        pages = {1086-1093},
          doi = {10.1093/mnras/stz896},
archivePrefix = {arXiv},
       eprint = {1809.02063},
 primaryClass = {physics.data-an},
       adsurl = {https://ui.adsabs.harvard.edu/abs/2019MNRAS.486.1086M},
      adsnote = {Provided by the SAO/NASA Astrophysics Data System}
}

@INCOLLECTION{2022hgwa.bookE..45V,
       author = {{Vitale}, Salvatore and {Gerosa}, Davide and {Farr}, Will M. and {Taylor}, Stephen R.},
        title = "{Inferring the Properties of a Population of Compact Binaries in Presence of Selection Effects}",
     keywords = {Astrophysics - Instrumentation and Methods for Astrophysics, Astrophysics - High Energy Astrophysical Phenomena, General Relativity and Quantum Cosmology},
    booktitle = {Handbook of Gravitational Wave Astronomy},
         year = 2022,
       editor = {{Bambi}, Cosimo and {Katsanevas}, Stavros and {Kokkotas}, Konstantinos D.},
          eid = {45},
        pages = {45},
          doi = {10.1007/978-981-15-4702-7_45-1},
       adsurl = {https://ui.adsabs.harvard.edu/abs/2022hgwa.bookE..45V},
      adsnote = {Provided by the SAO/NASA Astrophysics Data System}
}

@ARTICLE{2011CQGra..28a5010R,
       author = {{R{\"o}ver}, Christian and {Meyer}, Renate and {Christensen}, Nelson},
        title = "{Modelling coloured residual noise in gravitational-wave signal processing}",
      journal = {Class. Quantum Grav.},
     keywords = {Statistics - Methodology, General Relativity and Quantum Cosmology, Physics - Data Analysis, Statistics and Probability},
         year = 2011,
        month = jan,
       volume = {28},
       number = {1},
          eid = {015010},
        pages = {015010},
          doi = {10.1088/0264-9381/28/1/015010},
archivePrefix = {arXiv},
       eprint = {0804.3853},
 primaryClass = {stat.ME},
       adsurl = {https://ui.adsabs.harvard.edu/abs/2011CQGra..28a5010R},
      adsnote = {Provided by the SAO/NASA Astrophysics Data System}
}

@ARTICLE{2015PhRvD..91h4034L,
       author = {{Littenberg}, Tyson B. and {Cornish}, Neil J.},
        title = "{Bayesian inference for spectral estimation of gravitational wave detector noise}",
      journal = {Phys. Rev. D},
     keywords = {04.30.-w, 04.80.Nn, 95.55.Ym, Gravitational waves: theory, Gravitational wave detectors and experiments, Gravitational radiation detectors, mass spectrometers, and other instrumentation and techniques, General Relativity and Quantum Cosmology, Astrophysics - High Energy Astrophysical Phenomena, Astrophysics - Instrumentation and Methods for Astrophysics},
         year = 2015,
        month = apr,
       volume = {91},
       number = {8},
          eid = {084034},
        pages = {084034},
          doi = {10.1103/PhysRevD.91.084034},
archivePrefix = {arXiv},
       eprint = {1410.3852},
 primaryClass = {gr-qc},
       adsurl = {https://ui.adsabs.harvard.edu/abs/2015PhRvD..91h4034L},
      adsnote = {Provided by the SAO/NASA Astrophysics Data System}
}

@ARTICLE{2013PhRvD..87l2003C,
       author = {{Cornish}, Neil J. and {Romano}, Joseph D.},
        title = "{Towards a unified treatment of gravitational-wave data analysis}",
      journal = {Phys. Rev. D},
     keywords = {04.80.Nn, 04.30.Db, 07.05.Kf, 95.55.Ym, Gravitational wave detectors and experiments, Wave generation and sources, Data analysis: algorithms and implementation, data management, Gravitational radiation detectors, mass spectrometers, and other instrumentation and techniques, General Relativity and Quantum Cosmology},
         year = 2013,
        month = jun,
       volume = {87},
       number = {12},
          eid = {122003},
        pages = {122003},
          doi = {10.1103/PhysRevD.87.122003},
archivePrefix = {arXiv},
       eprint = {1305.2934},
 primaryClass = {gr-qc},
       adsurl = {https://ui.adsabs.harvard.edu/abs/2013PhRvD..87l2003C},
      adsnote = {Provided by the SAO/NASA Astrophysics Data System}
}

@ARTICLE{2025PhRvD.111l3049M,
       author = {{Mould}, Matthew and {Wolfe}, Noah E. and {Vitale}, Salvatore},
        title = "{Rapid inference and comparison of gravitational-wave population models with neural variational posteriors}",
      journal = {Phys. Rev. D},
     keywords = {Astrophysics and astroparticle physics, Instrumentation and Methods for Astrophysics, High Energy Astrophysical Phenomena, General Relativity and Quantum Cosmology},
         year = 2025,
        month = jun,
       volume = {111},
       number = {12},
          eid = {123049},
        pages = {123049},
          doi = {10.1103/xk1z-fxnm},
archivePrefix = {arXiv},
       eprint = {2504.07197},
 primaryClass = {astro-ph.IM},
       adsurl = {https://ui.adsabs.harvard.edu/abs/2025PhRvD.111l3049M},
      adsnote = {Provided by the SAO/NASA Astrophysics Data System}
}

@ARTICLE{2020arXiv200803312G,
       author = {{Green}, Stephen R. and {Gair}, Jonathan},
        title = "{Complete parameter inference for GW150914 using deep learning}",
      journal = {{}},
     keywords = {Astrophysics - Instrumentation and Methods for Astrophysics, General Relativity and Quantum Cosmology, Statistics - Machine Learning},
         year = 2020,
        month = aug,
          
        
          
archivePrefix = {arXiv},
       eprint = {2008.03312},
 primaryClass = {astro-ph.IM},
       adsurl = {https://ui.adsabs.harvard.edu/abs/2020arXiv200803312G},
      adsnote = {Provided by the SAO/NASA Astrophysics Data System}
}

@ARTICLE{2021PhRvL.127x1103D,
       author = {{Dax}, Maximilian and {Green}, Stephen R. and {Gair}, Jonathan and {Macke}, Jakob H. and {Buonanno}, Alessandra and {Sch{\"o}lkopf}, Bernhard},
        title = "{Real-Time Gravitational Wave Science with Neural Posterior Estimation}",
      journal = {Phys. Rev. Lett.},
     keywords = {General Relativity and Quantum Cosmology, Astrophysics - Instrumentation and Methods for Astrophysics, Computer Science - Machine Learning},
         year = 2021,
        month = dec,
       volume = {127},
       number = {24},
          eid = {241103},
        pages = {241103},
          doi = {10.1103/PhysRevLett.127.241103},
archivePrefix = {arXiv},
       eprint = {2106.12594},
 primaryClass = {gr-qc},
       adsurl = {https://ui.adsabs.harvard.edu/abs/2021PhRvL.127x1103D},
      adsnote = {Provided by the SAO/NASA Astrophysics Data System}
}

@ARTICLE{2024CQGra..41l5002G,
       author = {{Gerosa}, Davide and {Bellotti}, Malvina},
        title = "{Quick recipes for gravitational-wave selection effects}",
      journal = {Class. Quantum Grav.},
     keywords = {gravitational waves, gravitational-wave detectors, gravitational-wave observations, Astrophysics - High Energy Astrophysical Phenomena, General Relativity and Quantum Cosmology},
         year = 2024,
        month = jun,
       volume = {41},
       number = {12},
          eid = {125002},
        pages = {125002},
          doi = {10.1088/1361-6382/ad4509},
archivePrefix = {arXiv},
       eprint = {2404.16930},
 primaryClass = {astro-ph.HE},
       adsurl = {https://ui.adsabs.harvard.edu/abs/2024CQGra..41l5002G},
      adsnote = {Provided by the SAO/NASA Astrophysics Data System}
}

@ARTICLE{2022ApJS..258...34R,
       author = {{Riley}, Jeff and {Agrawal}, Poojan and {Barrett}, Jim W. and {Boyett}, Kristan N.~K. and {Broekgaarden}, Floor S. and {Chattopadhyay}, Debatri and {Gaebel}, Sebastian M. and {Gittins}, Fabian and {Hirai}, Ryosuke and {Howitt}, George and {Justham}, Stephen and {Khandelwal}, Lokesh and {Kummer}, Floris and {Lau}, Mike Y.~M. and {Mandel}, Ilya and {de Mink}, Selma E. and {Neijssel}, Coenraad and {Riley}, Tim and {van Son}, Lieke and {Stevenson}, Simon and {Vigna-G{\'o}mez}, Alejandro and {Vinciguerra}, Serena and {Wagg}, Tom and {Willcox}, Reinhold and {Team Compas}},
        title = "{Rapid Stellar and Binary Population Synthesis with COMPAS}",
      journal = {Astrophys. J. Supp. S.},
     keywords = {1622, 154, 1108, 162, Astrophysics - Instrumentation and Methods for Astrophysics, Astrophysics - High Energy Astrophysical Phenomena, Astrophysics - Solar and Stellar Astrophysics},
         year = 2022,
        month = feb,
       volume = {258},
       number = {2},
          eid = {34},
        pages = {34},
          doi = {10.3847/1538-4365/ac416c},
archivePrefix = {arXiv},
       eprint = {2109.10352},
 primaryClass = {astro-ph.IM},
       adsurl = {https://ui.adsabs.harvard.edu/abs/2022ApJS..258...34R},
      adsnote = {Provided by the SAO/NASA Astrophysics Data System}
}

@ARTICLE{2022PhRvD.106j3013M,
       author = {{Mould}, Matthew and {Gerosa}, Davide and {Taylor}, Stephen R.},
        title = "{Deep learning and Bayesian inference of gravitational-wave populations: Hierarchical black-hole mergers}",
      journal = {Phys. Rev. D},
     keywords = {Astrophysics - High Energy Astrophysical Phenomena, Astrophysics - Instrumentation and Methods for Astrophysics, General Relativity and Quantum Cosmology},
         year = 2022,
        month = nov,
       volume = {106},
       number = {10},
          eid = {103013},
        pages = {103013},
          doi = {10.1103/PhysRevD.106.103013},
archivePrefix = {arXiv},
       eprint = {2203.03651},
 primaryClass = {astro-ph.HE},
       adsurl = {https://ui.adsabs.harvard.edu/abs/2022PhRvD.106j3013M},
      adsnote = {Provided by the SAO/NASA Astrophysics Data System}
}

@ARTICLE{2018PhRvD..98h3017T,
       author = {{Taylor}, Stephen R. and {Gerosa}, Davide},
        title = "{Mining gravitational-wave catalogs to understand binary stellar evolution: A new hierarchical Bayesian framework}",
      journal = {Phys. Rev. D},
     keywords = {Astrophysics - High Energy Astrophysical Phenomena, Astrophysics - Instrumentation and Methods for Astrophysics, General Relativity and Quantum Cosmology, Physics - Data Analysis, Statistics and Probability},
         year = 2018,
        month = oct,
       volume = {98},
       number = {8},
          eid = {083017},
        pages = {083017},
          doi = {10.1103/PhysRevD.98.083017},
archivePrefix = {arXiv},
       eprint = {1806.08365},
 primaryClass = {astro-ph.HE},
       adsurl = {https://ui.adsabs.harvard.edu/abs/2018PhRvD..98h3017T},
      adsnote = {Provided by the SAO/NASA Astrophysics Data System}
}

@ARTICLE{2020ApJ...898...71B,
       author = {{Breivik}, Katelyn and {Coughlin}, Scott and {Zevin}, Michael and {Rodriguez}, Carl L. and {Kremer}, Kyle and {Ye}, Claire S. and {Andrews}, Jeff J. and {Kurkowski}, Michael and {Digman}, Matthew C. and {Larson}, Shane L. and {Rasio}, Frederic A.},
        title = "{COSMIC Variance in Binary Population Synthesis}",
      journal = {Astrophys. J.},
     keywords = {Compact binary stars, Interacting binary stars, Stellar populations, Gravitational wave astronomy, 283, 801, 1622, 675, Astrophysics - High Energy Astrophysical Phenomena, Astrophysics - Solar and Stellar Astrophysics},
         year = 2020,
        month = jul,
       volume = {898},
       number = {1},
          eid = {71},
        pages = {71},
          doi = {10.3847/1538-4357/ab9d85},
archivePrefix = {arXiv},
       eprint = {1911.00903},
 primaryClass = {astro-ph.HE},
       adsurl = {https://ui.adsabs.harvard.edu/abs/2020ApJ...898...71B},
      adsnote = {Provided by the SAO/NASA Astrophysics Data System}
}

@ARTICLE{2019ApJ...882L..24A,
       author = {{Abbott}, B.~P. and {Abbott}, R. and {Abbott}, T.~D. and {Abraham}, S. and {Acernese}, F. and {Ackley}, K. and {Adams}, C. and {Adhikari}, R.~X. and {Adya}, V.~B. and {Affeldt}, C. and {Agathos}, M. and {Agatsuma}, K. and {Aggarwal}, N. and {Aguiar}, O.~D. and {Aiello}, L. and {Ain}, A. and {Ajith}, P. and {Allen}, G. and {Allocca}, A. and {Aloy}, M.~A. and {Altin}, P.~A. and {Amato}, A. and {Ananyeva}, A. and {Anderson}, S.~B. and {Anderson}, W.~G. and {Angelova}, S.~V. and {Antier}, S. and {Appert}, S. and {Arai}, K. and {Araya}, M.~C. and {Areeda}, J.~S. and {Ar{\`e}ne}, M. and {Arnaud}, N. and {Arun}, K.~G. and {Ascenzi}, S. and {Ashton}, G. and {Aston}, S.~M. and {Astone}, P. and {Aubin}, F. and {Aufmuth}, P. and {AultONeal}, K. and {Austin}, C. and {Avendano}, V. and {Avila-Alvarez}, A. and {Babak}, S. and {Bacon}, P. and {Badaracco}, F. and {Bader}, M.~K.~M. and {Bae}, S. and {Baker}, P.~T. and {Baldaccini}, F. and {Ballardin}, G. and {Ballmer}, S.~W. and {Banagiri}, S. and {Barayoga}, J.~C. and {Barclay}, S.~E. and {Barish}, B.~C. and {Barker}, D. and {Barkett}, K. and {Barnum}, S. and {Barone}, F. and {Barr}, B. and {Barsotti}, L. and {Barsuglia}, M. and {Barta}, D. and {Bartlett}, J. and {Bartos}, I. and {Bassiri}, R. and {Basti}, A. and {Bawaj}, M. and {Bayley}, J.~C. and {Bazzan}, M. and {B{\'e}csy}, B. and {Bejger}, M. and {Belahcene}, I. and {Bell}, A.~S. and {Beniwal}, D. and {Berger}, B.~K. and {Bergmann}, G. and {Bernuzzi}, S. and {Bero}, J.~J. and {Berry}, C.~P.~L. and {Bersanetti}, D. and {Bertolini}, A. and {Betzwieser}, J. and {Bhandare}, R. and {Bidler}, J. and {Bilenko}, I.~A. and {Bilgili}, S.~A. and {Billingsley}, G. and {Birch}, J. and {Birney}, R. and {Birnholtz}, O. and {Biscans}, S. and {Biscoveanu}, S. and {Bisht}, A. and {Bitossi}, M. and {Bizouard}, M.~A. and {Blackburn}, J.~K. and {Blair}, C.~D. and {Blair}, D.~G. and {Blair}, R.~M. and {Bloemen}, S. and {Bode}, N. and {Boer}, M. and {Boetzel}, Y. and {Bogaert}, G. and {Bondu}, F. and {Bonilla}, E. and {Bonnand}, R. and {Booker}, P. and {Boom}, B.~A. and {Booth}, C.~D. and {Bork}, R. and {Boschi}, V. and {Bose}, S. and {Bossie}, K. and {Bossilkov}, V. and {Bosveld}, J. and {Bouffanais}, Y. and {Bozzi}, A. and {Bradaschia}, C. and {Brady}, P.~R. and {Bramley}, A. and {Branchesi}, M. and {Brau}, J.~E. and {Briant}, T. and {Briggs}, J.~H. and {Brighenti}, F. and {Brillet}, A. and {Brinkmann}, M. and {Brisson}, V. and {Brockill}, P. and {Brooks}, A.~F. and {Brown}, D.~D. and {Brunett}, S. and {Buikema}, A. and {Bulik}, T. and {Bulten}, H.~J. and {Buonanno}, A. and {Buscicchio}, R. and {Buskulic}, D. and {Buy}, C. and {Byer}, R.~L. and {Cabero}, M. and {Cadonati}, L. and {Cagnoli}, G. and {Cahillane}, C. and {Calder{\'o}n Bustillo}, J. and {Callister}, T.~A. and {Calloni}, E. and {Camp}, J.~B. and {Campbell}, W.~A. and {Canepa}, M. and {Cannon}, K.~C. and {Cao}, H. and {Cao}, J. and {Capocasa}, E. and {Carbognani}, F. and {Caride}, S. and {Carney}, M.~F. and {Carullo}, G. and {Casanueva Diaz}, J. and {Casentini}, C. and {Caudill}, S. and {Cavagli{\`a}}, M. and {Cavalier}, F. and {Cavalieri}, R. and {Cella}, G. and {Cerd{\'a}-Dur{\'a}n}, P. and {Cerretani}, G. and {Cesarini}, E. and {Chaibi}, O. and {Chakravarti}, K. and {Chamberlin}, S.~J. and {Chan}, M. and {Chao}, S. and {Charlton}, P. and {Chase}, E.~A. and {Chassande-Mottin}, E. and {Chatterjee}, D. and {Chaturvedi}, M. and {Chatziioannou}, K. and {Cheeseboro}, B.~D. and {Chen}, H.~Y. and {Chen}, X. and {Chen}, Y. and {Cheng}, H. -P. and {Cheong}, C.~K. and {Chia}, H.~Y. and {Chincarini}, A. and {Chiummo}, A. and {Cho}, G. and {Cho}, H.~S. and {Cho}, M. and {Christensen}, N. and {Chu}, Q. and {Chua}, S. and {Chung}, K.~W. and {Chung}, S.},
        title = "{Binary Black Hole Population Properties Inferred from the First and Second Observing Runs of Advanced LIGO and Advanced Virgo}",
      journal = {Astrophys. J. Lett.},
     keywords = {black holes, gravitational waves, statistical, Astrophysics - High Energy Astrophysical Phenomena},
         year = 2019,
        month = sep,
       volume = {882},
       number = {2},
          eid = {L24},
        pages = {L24},
          doi = {10.3847/2041-8213/ab3800},
archivePrefix = {arXiv},
       eprint = {1811.12940},
 primaryClass = {astro-ph.HE},
       adsurl = {https://ui.adsabs.harvard.edu/abs/2019ApJ...882L..24A},
      adsnote = {Provided by the SAO/NASA Astrophysics Data System}
}

@ARTICLE{2022MNRAS.509.5454R,
       author = {{Rinaldi}, Stefano and {Del Pozzo}, Walter},
        title = "{(H)DPGMM: a hierarchy of Dirichlet process Gaussian mixture models for the inference of the black hole mass function}",
      journal = {Mon. Not. R. Astron. Soc.},
     keywords = {gravitational waves, methods: data analysis, methods: statistical, stars: black holes, Astrophysics - Instrumentation and Methods for Astrophysics, General Relativity and Quantum Cosmology},
         year = 2022,
        month = feb,
       volume = {509},
       number = {4},
        pages = {5454-5466},
          doi = {10.1093/mnras/stab3224},
archivePrefix = {arXiv},
       eprint = {2109.05960},
 primaryClass = {astro-ph.IM},
       adsurl = {https://ui.adsabs.harvard.edu/abs/2022MNRAS.509.5454R},
      adsnote = {Provided by the SAO/NASA Astrophysics Data System}
}

@ARTICLE{2023ApJ...946...16E,
       author = {{Edelman}, Bruce and {Farr}, Ben and {Doctor}, Zoheyr},
        title = "{Cover Your Basis: Comprehensive Data-driven Characterization of the Binary Black Hole Population}",
      journal = {Astrophys. J.},
     keywords = {Gravitational wave astronomy, Gravitational waves, Black holes, Compact objects, High energy astrophysics, 675, 678, 162, 288, 739, Astrophysics - High Energy Astrophysical Phenomena, Astrophysics - Astrophysics of Galaxies},
         year = 2023,
        month = mar,
       volume = {946},
       number = {1},
          eid = {16},
        pages = {16},
          doi = {10.3847/1538-4357/acb5ed},
archivePrefix = {arXiv},
       eprint = {2210.12834},
 primaryClass = {astro-ph.HE},
       adsurl = {https://ui.adsabs.harvard.edu/abs/2023ApJ...946...16E},
      adsnote = {Provided by the SAO/NASA Astrophysics Data System}
}

@ARTICLE{2024PhRvX..14b1005C,
       author = {{Callister}, Thomas A. and {Farr}, Will M.},
        title = "{Parameter-Free Tour of the Binary Black Hole Population}",
      journal = {Phys. Rev. X},
     keywords = {Astrophysics - High Energy Astrophysical Phenomena, General Relativity and Quantum Cosmology},
         year = 2024,
        month = apr,
       volume = {14},
       number = {2},
          eid = {021005},
        pages = {021005},
          doi = {10.1103/PhysRevX.14.021005},
archivePrefix = {arXiv},
       eprint = {2302.07289},
 primaryClass = {astro-ph.HE},
       adsurl = {https://ui.adsabs.harvard.edu/abs/2024PhRvX..14b1005C},
      adsnote = {Provided by the SAO/NASA Astrophysics Data System}
}

@ARTICLE{2019ApJS..241...27A,
       author = {{Ashton}, Gregory and {H{\"u}bner}, Moritz and {Lasky}, Paul D. and {Talbot}, Colm and {Ackley}, Kendall and {Biscoveanu}, Sylvia and {Chu}, Qi and {Divakarla}, Atul and {Easter}, Paul J. and {Goncharov}, Boris and {Hernandez Vivanco}, Francisco and {Harms}, Jan and {Lower}, Marcus E. and {Meadors}, Grant D. and {Melchor}, Denyz and {Payne}, Ethan and {Pitkin}, Matthew D. and {Powell}, Jade and {Sarin}, Nikhil and {Smith}, Rory J.~E. and {Thrane}, Eric},
        title = "{BILBY: A User-friendly Bayesian Inference Library for Gravitational-wave Astronomy}",
      journal = {Astrophys. J. Supp. S.},
     keywords = {gravitational waves, methods: data analysis, methods: statistical, stars: black holes, stars: neutron, Astrophysics - Instrumentation and Methods for Astrophysics, Astrophysics - High Energy Astrophysical Phenomena, General Relativity and Quantum Cosmology},
         year = 2019,
        month = apr,
       volume = {241},
       number = {2},
          eid = {27},
        pages = {27},
          doi = {10.3847/1538-4365/ab06fc},
archivePrefix = {arXiv},
       eprint = {1811.02042},
 primaryClass = {astro-ph.IM},
       adsurl = {https://ui.adsabs.harvard.edu/abs/2019ApJS..241...27A},
      adsnote = {Provided by the SAO/NASA Astrophysics Data System}
}

@ARTICLE{2020MNRAS.493.3132S,
       author = {{Speagle}, Joshua S.},
        title = "{DYNESTY: a dynamic nested sampling package for estimating Bayesian posteriors and evidences}",
      journal = {Mon. Not. R. Astron. Soc.},
     keywords = {methods: data analysis, methods: statistical, Astrophysics - Instrumentation and Methods for Astrophysics, Statistics - Computation},
         year = 2020,
        month = apr,
       volume = {493},
       number = {3},
        pages = {3132-3158},
          doi = {10.1093/mnras/staa278},
archivePrefix = {arXiv},
       eprint = {1904.02180},
 primaryClass = {astro-ph.IM},
       adsurl = {https://ui.adsabs.harvard.edu/abs/2020MNRAS.493.3132S},
      adsnote = {Provided by the SAO/NASA Astrophysics Data System}
}

@ARTICLE{2020MNRAS.499.3295R,
       author = {{Romero-Shaw}, I.~M. and {Talbot}, C. and {Biscoveanu}, S. and {D'Emilio}, V. and {Ashton}, G. and {Berry}, C.~P.~L. and {Coughlin}, S. and {Galaudage}, S. and {Hoy}, C. and {H{\"u}bner}, M. and {Phukon}, K.~S. and {Pitkin}, M. and {Rizzo}, M. and {Sarin}, N. and {Smith}, R. and {Stevenson}, S. and {Vajpeyi}, A. and {Ar{\`e}ne}, M. and {Athar}, K. and {Banagiri}, S. and {Bose}, N. and {Carney}, M. and {Chatziioannou}, K. and {Clark}, J.~A. and {Colleoni}, M. and {Cotesta}, R. and {Edelman}, B. and {Estell{\'e}s}, H. and {Garc{\'\i}a-Quir{\'o}s}, C. and {Ghosh}, Abhirup and {Green}, R. and {Haster}, C. -J. and {Husa}, S. and {Keitel}, D. and {Kim}, A.~X. and {Hernandez-Vivanco}, F. and {Maga{\~n}a Hernandez}, I. and {Karathanasis}, C. and {Lasky}, P.~D. and {De Lillo}, N. and {Lower}, M.~E. and {Macleod}, D. and {Mateu-Lucena}, M. and {Miller}, A. and {Millhouse}, M. and {Morisaki}, S. and {Oh}, S.~H. and {Ossokine}, S. and {Payne}, E. and {Powell}, J. and {Pratten}, G. and {P{\"u}rrer}, M. and {Ramos-Buades}, A. and {Raymond}, V. and {Thrane}, E. and {Veitch}, J. and {Williams}, D. and {Williams}, M.~J. and {Xiao}, L.},
        title = "{Bayesian inference for compact binary coalescences with BILBY: validation and application to the first LIGO-Virgo gravitational-wave transient catalogue}",
      journal = {Mon. Not. R. Astron. Soc.},
     keywords = {gravitational waves, methods: data analysis, stars: neutron, stars: black holes, transients: black hole mergers, transients: neutron star mergers, Astrophysics - Instrumentation and Methods for Astrophysics, General Relativity and Quantum Cosmology},
         year = 2020,
        month = dec,
       volume = {499},
       number = {3},
        pages = {3295-3319},
          doi = {10.1093/mnras/staa2850},
archivePrefix = {arXiv},
       eprint = {2006.00714},
 primaryClass = {astro-ph.IM},
       adsurl = {https://ui.adsabs.harvard.edu/abs/2020MNRAS.499.3295R},
      adsnote = {Provided by the SAO/NASA Astrophysics Data System}
}

@ARTICLE{2019arXiv190507488G,
       author = {{Greenberg}, David S. and {Nonnenmacher}, Marcel and {Macke}, Jakob H.},
        title = "{Automatic Posterior Transformation for Likelihood-Free Inference}",
      journal = {{}},
     keywords = {Computer Science - Machine Learning, Statistics - Machine Learning},
         year = 2019,
        month = may,
          
        
          
archivePrefix = {arXiv},
       eprint = {1905.07488},
 primaryClass = {cs.LG},
       adsurl = {https://ui.adsabs.harvard.edu/abs/2019arXiv190507488G},
      adsnote = {Provided by the SAO/NASA Astrophysics Data System}
}

@ARTICLE{2016arXiv160506376P,
       author = {{Papamakarios}, George and {Murray}, Iain},
        title = "{Fast $\epsilon$-free Inference of Simulation Models with Bayesian Conditional Density Estimation}",
      journal = {{}},
     keywords = {Statistics - Machine Learning, Computer Science - Machine Learning, Statistics - Computation},
         year = 2016,
        month = may,
          
        
          
archivePrefix = {arXiv},
       eprint = {1605.06376},
 primaryClass = {stat.ML},
       adsurl = {https://ui.adsabs.harvard.edu/abs/2016arXiv160506376P},
      adsnote = {Provided by the SAO/NASA Astrophysics Data System}
}

@ARTICLE{2020PNAS..11730055C,
       author = {{Cranmer}, Kyle and {Brehmer}, Johann and {Louppe}, Gilles},
        title = "{The frontier of simulation-based inference}",
      journal = {Proceedings of the National Academy of Science},
     keywords = {Statistics - Machine Learning, Computer Science - Machine Learning, Statistics - Methodology},
         year = 2020,
        month = dec,
       volume = {117},
       number = {48},
        pages = {30055-30062},
          doi = {10.1073/pnas.1912789117},
archivePrefix = {arXiv},
       eprint = {1911.01429},
 primaryClass = {stat.ML},
       adsurl = {https://ui.adsabs.harvard.edu/abs/2020PNAS..11730055C},
      adsnote = {Provided by the SAO/NASA Astrophysics Data System}
}

@ARTICLE{2017arXiv171101861L,
       author = {{Lueckmann}, Jan-Matthis and {Goncalves}, Pedro J. and {Bassetto}, Giacomo and {{\"O}cal}, Kaan and {Nonnenmacher}, Marcel and {Macke}, Jakob H.},
        title = "{Flexible statistical inference for mechanistic models of neural dynamics}",
      journal = {{}},
     keywords = {Statistics - Machine Learning},
         year = 2017,
        month = nov,
          
        
          
archivePrefix = {arXiv},
       eprint = {1711.01861},
 primaryClass = {stat.ML},
       adsurl = {https://ui.adsabs.harvard.edu/abs/2017arXiv171101861L},
      adsnote = {Provided by the SAO/NASA Astrophysics Data System}
}

@ARTICLE{2020PhRvD.102j4057G,
       author = {{Green}, Stephen R. and {Simpson}, Christine and {Gair}, Jonathan},
        title = "{Gravitational-wave parameter estimation with autoregressive neural network flows}",
      journal = {Phys. Rev. D},
     keywords = {Astrophysics - Instrumentation and Methods for Astrophysics, Computer Science - Machine Learning, General Relativity and Quantum Cosmology, Statistics - Machine Learning},
         year = 2020,
        month = nov,
       volume = {102},
       number = {10},
          eid = {104057},
        pages = {104057},
          doi = {10.1103/PhysRevD.102.104057},
archivePrefix = {arXiv},
       eprint = {2002.07656},
 primaryClass = {astro-ph.IM},
       adsurl = {https://ui.adsabs.harvard.edu/abs/2020PhRvD.102j4057G},
      adsnote = {Provided by the SAO/NASA Astrophysics Data System}
}

@ARTICLE{2023PhRvL.130q1403D,
       author = {{Dax}, Maximilian and {Green}, Stephen R. and {Gair}, Jonathan and {P{\"u}rrer}, Michael and {Wildberger}, Jonas and {Macke}, Jakob H. and {Buonanno}, Alessandra and {Sch{\"o}lkopf}, Bernhard},
        title = "{Neural Importance Sampling for Rapid and Reliable Gravitational-Wave Inference}",
      journal = {Phys. Rev. Lett.},
     keywords = {General Relativity and Quantum Cosmology, Astrophysics - Instrumentation and Methods for Astrophysics, Computer Science - Machine Learning},
         year = 2023,
        month = apr,
       volume = {130},
       number = {17},
          eid = {171403},
        pages = {171403},
          doi = {10.1103/PhysRevLett.130.171403},
archivePrefix = {arXiv},
       eprint = {2210.05686},
 primaryClass = {gr-qc},
       adsurl = {https://ui.adsabs.harvard.edu/abs/2023PhRvL.130q1403D},
      adsnote = {Provided by the SAO/NASA Astrophysics Data System}
}

@ARTICLE{2025PhRvD.112b4071M,
       author = {{Malz}, Ann-Kristin and {Veitch}, John},
        title = "{Joint inference for gravitational wave signals and glitches using a data-informed glitch model}",
      journal = {Phys. Rev. D},
     keywords = {General relativity, alternative theories of gravity, General Relativity and Quantum Cosmology, High Energy Astrophysical Phenomena, Instrumentation and Methods for Astrophysics},
         year = 2025,
        month = jul,
       volume = {112},
       number = {2},
          eid = {024071},
        pages = {024071},
          doi = {10.1103/fp4b-mvzx},
archivePrefix = {arXiv},
       eprint = {2505.00657},
 primaryClass = {gr-qc},
       adsurl = {https://ui.adsabs.harvard.edu/abs/2025PhRvD.112b4071M},
      adsnote = {Provided by the SAO/NASA Astrophysics Data System}
}

@ARTICLE{2025ApJ...985L..46L,
       author = {{Legin}, Ronan and {Isi}, Maximiliano and {Wong}, Kaze W.~K. and {Hezaveh}, Yashar and {Perreault-Levasseur}, Laurence},
        title = "{Gravitational-wave Parameter Estimation in Non-Gaussian Noise Using Score-based Likelihood Characterization}",
      journal = {Astrophys. J. Lett.},
     keywords = {LIGO, Non-Gaussianity, Bayesian statistics, Gravitational waves, Neural networks, Posterior distribution, Gravitational wave detectors, 920, 1116, 1900, 678, 1933, 1926, 676, Astrophysics - Instrumentation and Methods for Astrophysics, Astrophysics - High Energy Astrophysical Phenomena, General Relativity and Quantum Cosmology},
         year = 2025,
        month = jun,
       volume = {985},
       number = {2},
          eid = {L46},
        pages = {L46},
          doi = {10.3847/2041-8213/add681},
archivePrefix = {arXiv},
       eprint = {2410.19956},
 primaryClass = {astro-ph.IM},
       adsurl = {https://ui.adsabs.harvard.edu/abs/2025ApJ...985L..46L},
      adsnote = {Provided by the SAO/NASA Astrophysics Data System}
}


@book{10.5555/2578955,
author = {Ivezic, Zeljko and Connolly, Andrew J. and VanderPlas, Jacob T. and Gray, Alexander},
title = {Statistics, Data Mining, and Machine Learning in Astronomy: A Practical Python Guide for the Analysis of Survey Data},
year = {2014},
isbn = {0691151687},
publisher = {Princeton University Press},
address = {USA},
abstract = {As telescopes, detectors, and computers grow ever more powerful, the volume of data at the disposal of astronomers and astrophysicists will enter the petabyte domain, providing accurate measurements for billions of celestial objects. This book provides a comprehensive and accessible introduction to the cutting-edge statistical methods needed to efficiently analyze complex data sets from astronomical surveys such as the Panoramic Survey Telescope and Rapid Response System, the Dark Energy Survey, and the upcoming Large Synoptic Survey Telescope. It serves as a practical handbook for graduate students and advanced undergraduates in physics and astronomy, and as an indispensable reference for researchers. Statistics, Data Mining, and Machine Learning in Astronomy presents a wealth of practical analysis problems, evaluates techniques for solving them, and explains how to use various approaches for different types and sizes of data sets. For all applications described in the book, Python code and example data sets are provided. The supporting data sets have been carefully selected from contemporary astronomical surveys (for example, the Sloan Digital Sky Survey) and are easy to download and use. The accompanying Python code is publicly available, well documented, and follows uniform coding standards. Together, the data sets and code enable readers to reproduce all the figures and examples, evaluate the methods, and adapt them to their own fields of interest. Describes the most useful statistical and data-mining methods for extracting knowledge from huge and complex astronomical data sets Features real-world data sets from contemporary astronomical surveys Uses a freely available Python codebase throughout Ideal for students and working astronomers}
}
@ARTICLE{2025arXiv250208416K,
       author = {{Krouglova}, Anastasia N. and {Johnson}, Hayden R. and {Confavreux}, Basile and {Deistler}, Michael and {Gon{\c{c}}alves}, Pedro J.},
        title = "{Multifidelity Simulation-based Inference for Computationally Expensive Simulators}",
      journal = {{}},
     keywords = {Statistics - Machine Learning, Computer Science - Machine Learning},
         year = 2025,
        month = feb,
          
        
          
archivePrefix = {arXiv},
       eprint = {2502.08416},
 primaryClass = {stat.ML},
       adsurl = {https://ui.adsabs.harvard.edu/abs/2025arXiv250208416K},
      adsnote = {Provided by the SAO/NASA Astrophysics Data System}
}

@ARTICLE{2024PhRvD.109f4056L,
       author = {{Leyde}, Konstantin and {Green}, Stephen R. and {Toubiana}, Alexandre and {Gair}, Jonathan},
        title = "{Gravitational wave populations and cosmology with neural posterior estimation}",
      journal = {Phys. Rev. D},
     keywords = {General Relativity and Quantum Cosmology, Astrophysics - Cosmology and Nongalactic Astrophysics, High Energy Physics - Phenomenology},
         year = 2024,
        month = mar,
       volume = {109},
       number = {6},
          eid = {064056},
        pages = {064056},
          doi = {10.1103/PhysRevD.109.064056},
archivePrefix = {arXiv},
       eprint = {2311.12093},
 primaryClass = {gr-qc},
       adsurl = {https://ui.adsabs.harvard.edu/abs/2024PhRvD.109f4056L},
      adsnote = {Provided by the SAO/NASA Astrophysics Data System}
}

@ARTICLE{2025ApJ...988..189C,
       author = {{Colloms}, Storm and {Berry}, Christopher P.~L. and {Veitch}, John and {Zevin}, Michael},
        title = "{Exploring the Evolution of Gravitational-wave Emitters with Efficient Emulation: Constraining the Origins of Binary Black Holes Using Normalizing Flows}",
      journal = {Astrophys. J.},
     keywords = {Stellar mass black holes, Gravitational wave astronomy, Gravitational wave sources, Multiple star evolution, Bayesian statistics, Astrostatistics techniques, 1611, 675, 677, 2153, 1900, 1886, High Energy Astrophysical Phenomena, Instrumentation and Methods for Astrophysics, General Relativity and Quantum Cosmology},
         year = 2025,
        month = aug,
       volume = {988},
       number = {2},
          eid = {189},
        pages = {189},
          doi = {10.3847/1538-4357/ade546},
archivePrefix = {arXiv},
       eprint = {2503.03819},
 primaryClass = {astro-ph.HE},
       adsurl = {https://ui.adsabs.harvard.edu/abs/2025ApJ...988..189C},
      adsnote = {Provided by the SAO/NASA Astrophysics Data System}
}

@ARTICLE{2023MNRAS.526.3495T,
       author = {{Talbot}, Colm and {Golomb}, Jacob},
        title = "{Growing pains: understanding the impact of likelihood uncertainty on hierarchical Bayesian inference for gravitational-wave astronomy}",
      journal = {Mon. Not. R. Astron. Soc.},
     keywords = {gravitational waves, methods: data analysis, methods: statistical, Astrophysics - Instrumentation and Methods for Astrophysics, General Relativity and Quantum Cosmology, Physics - Data Analysis, Statistics and Probability},
         year = 2023,
        month = dec,
       volume = {526},
       number = {3},
        pages = {3495-3503},
          doi = {10.1093/mnras/stad2968},
archivePrefix = {arXiv},
       eprint = {2304.06138},
 primaryClass = {astro-ph.IM},
       adsurl = {https://ui.adsabs.harvard.edu/abs/2023MNRAS.526.3495T},
      adsnote = {Provided by the SAO/NASA Astrophysics Data System}
}

